@Book{johndoe,
ALTauthor = {John Doe},
ALTeditor = {Somebody},
title = {Testing test},
publisher = {Ony},
year = {2012},
OPTkey = {•},
OPTvolume = {•},
OPTnumber = {•},
OPTseries = {•},
OPTaddress = {•},
OPTedition = {•},
OPTmonth = {•},
OPTnote = {•},
OPTannote = {•}
}
